<record><leader>00000cas a22000007a 4500</leader><controlfield tag="001">22333457</controlfield><controlfield tag="008">900905d19711981ohuwr ne      0    0eng d</controlfield><datafield ind1=" " ind2=" " tag="010"><subfield code="a">sn 90068448 </subfield></datafield><datafield ind1=" " ind2=" " tag="040"><subfield code="a">ONP</subfield><subfield code="b">eng</subfield><subfield code="c">ONP</subfield><subfield code="d">OCLCQ</subfield></datafield><datafield ind1=" " ind2=" " tag="042"><subfield code="a">msc</subfield></datafield><datafield ind1="0" ind2=" " tag="130"><subfield code="a">Southeast sun (Cleveland Heights, Ohio)</subfield></datafield><datafield ind1="1" ind2="4" tag="245"><subfield code="a">The Southeast sun.</subfield></datafield><datafield ind1="3" ind2="0" tag="246"><subfield code="a">South East sun</subfield></datafield><datafield ind1=" " ind2=" " tag="260"><subfield code="a">Cleveland Heights, Ohio :</subfield><subfield code="b">ComCorp,</subfield><subfield code="c">-1981.</subfield></datafield><datafield ind1=" " ind2=" " tag="300"><subfield code="a">v.</subfield></datafield><datafield ind1=" " ind2=" " tag="310"><subfield code="a">Weekly</subfield></datafield><datafield ind1="1" ind2=" " tag="362"><subfield code="a">Began in 1971.</subfield></datafield><datafield ind1="0" ind2=" " tag="362"><subfield code="a">-11th year, no. 13 (Mar. 26, 1981).</subfield></datafield><datafield ind1=" " ind2=" " tag="588"><subfield code="a">Description based on: Vol. 1, no. 16 (July 1, 1971).</subfield></datafield><datafield ind1=" " ind2=" " tag="752"><subfield code="a">United States</subfield><subfield code="b">Ohio</subfield><subfield code="c">Cuyahoga</subfield><subfield code="d">Cleveland Heights.</subfield></datafield><datafield ind1="0" ind2="6" tag="785"><subfield code="t">Bedford sun banner</subfield><subfield code="w">(DLC)sn 83008838</subfield></datafield><datafield ind1="0" ind2="6" tag="785"><subfield code="t">Garfield-Maple Heights sun</subfield><subfield code="w">(DLC)sn 83008839</subfield></datafield></record>